@InProceedings{burgard:rgbd-slam,
        TITLE = "Real-time 3{D} visual {SLAM} with a hand-held camera",
        AUTHOR = "N. Engelhard and F. Endres and J. Hess and J. Sturm and W.  Burgard",
        BOOKTITLE = "Proc. of the RGB-D Workshop on 3D Perception in Robotics at the European Robotics Forum",
        ADDRESS = "Vasteras, Sweden",
        YEAR = "2011",
        MONTH = "April"
}

@inproceedings{chintalapudi-mobicom10,
 author = {Chintalapudi, Krishna and Padmanabha Iyer, Anand and Padmanabhan, Venkata N.},
 title = {Indoor Localization Without the Pain},
 booktitle = {Proceedings of the Sixteenth Annual International Conference on Mobile Computing and Networking},
 series = {MobiCom '10},
 year = {2010},
 isbn = {978-1-4503-0181-7},
 location = {Chicago, Illinois, USA},
 pages = {173--184},
 numpages = {12},
 url = {http://doi.acm.org/10.1145/1859995.1860016},
 doi = {10.1145/1859995.1860016},
 acmid = {1860016},
 publisher = {ACM},
 address = {New York, NY, USA},
 keywords = {calibration-free, indoor localization, wifi},
}

@inproceedings{kotaru-sigcomm15,
 author = {Kotaru, Manikanta and Joshi, Kiran and Bharadia, Dinesh and Katti, Sachin},
 title = {SpotFi: Decimeter Level Localization Using WiFi},
 booktitle = {Proceedings of the 2015 ACM Conference on Special Interest Group on Data Communication},
 series = {SIGCOMM '15},
 year = {2015},
 isbn = {978-1-4503-3542-3},
 location = {London, United Kingdom},
 pages = {269--282},
 numpages = {14},
 url = {http://doi.acm.org/10.1145/2785956.2787487},
 doi = {10.1145/2785956.2787487},
 acmid = {2787487},
 publisher = {ACM},
 address = {New York, NY, USA},
 keywords = {CSI, OFDM, indoor localization, internet of things (IOT), wifi, wireless},
}

@inproceedings{rai-mobicom12,
 author = {Rai, Anshul and Chintalapudi, Krishna Kant and Padmanabhan, Venkata N. and Sen, Rijurekha},
 title = {Zee: Zero-effort Crowdsourcing for Indoor Localization},
 booktitle = {Proceedings of the 18th Annual International Conference on Mobile Computing and Networking},
 series = {Mobicom '12},
 year = {2012},
 isbn = {978-1-4503-1159-5},
 location = {Istanbul, Turkey},
 pages = {293--304},
 numpages = {12},
 url = {http://doi.acm.org/10.1145/2348543.2348580},
 doi = {10.1145/2348543.2348580},
 acmid = {2348580},
 publisher = {ACM},
 address = {New York, NY, USA},
 keywords = {calibration free, indoor, localization, particle filter, wifi},
}

@inproceedings{yang-mobicom12,
 author = {Yang, Zheng and Wu, Chenshu and Liu, Yunhao},
 title = {Locating in Fingerprint Space: Wireless Indoor Localization with Little Human Intervention},
 booktitle = {Proceedings of the 18th Annual International Conference on Mobile Computing and Networking},
 series = {Mobicom '12},
 year = {2012},
 isbn = {978-1-4503-1159-5},
 location = {Istanbul, Turkey},
 pages = {269--280},
 numpages = {12},
 url = {http://doi.acm.org/10.1145/2348543.2348578},
 doi = {10.1145/2348543.2348578},
 acmid = {2348578},
 publisher = {ACM},
 address = {New York, NY, USA},
 keywords = {RSS fingerprint, floor plan, indoor localization, site survey, smartphones},
}

@INPROCEEDINGS{biswas-icra10,
author={J. Biswas and M. Veloso},
booktitle={2010 IEEE International Conference on Robotics and Automation},
title={WiFi localization and navigation for autonomous indoor mobile robots},
year={2010},
pages={4379-4384},
keywords={constraint theory;graph theory;mobile robots;path planning;sampling methods;signal detection;wireless LAN;WiFi localization;WiFi sensory data;autonomous indoor mobile robots;continuous perceptual model;custom built mobile robot;discrete graph based WiFi signal strength sampling;geometric constraints;Indoor environments;Mobile robots;Robot kinematics;Robot sensing systems;Robotics and automation;Robustness;Signal generators;Skeleton;Solid modeling;Sonar navigation},
doi={10.1109/ROBOT.2010.5509842},
ISSN={1050-4729},
month={May},}

@inproceedings{soltanaghaei-mobisys18,
 author = {Soltanaghaei, Elahe and Kalyanaraman, Avinash and Whitehouse, Kamin},
 title = {Multipath Triangulation: Decimeter-level WiFi Localization and Orientation with a Single Unaided Receiver},
 booktitle = {Proceedings of the 16th Annual International Conference on Mobile Systems, Applications, and Services},
 series = {MobiSys '18},
 year = {2018},
 isbn = {978-1-4503-5720-3},
 location = {Munich, Germany},
 pages = {376--388},
 numpages = {13},
 url = {http://doi.acm.org/10.1145/3210240.3210347},
 doi = {10.1145/3210240.3210347},
 acmid = {3210347},
 publisher = {ACM},
 address = {New York, NY, USA},
 keywords = {CSI, Channel State Information, WiFi, localization, multipath propagation, multipath triangulation},
}
[download]

@inproceedings{luo-ipsn14,
 author = {Luo, Chengwen and Hong, Hande and Chan, Mun Choon},
 title = {PiLoc: A Self-calibrating Participatory Indoor Localization System},
 booktitle = {Proceedings of the 13th International Symposium on Information Processing in Sensor Networks},
 series = {IPSN '14},
 year = {2014},
 isbn = {978-1-4799-3146-0},
 location = {Berlin, Germany},
 pages = {143--154},
 numpages = {12},
 url = {http://dl.acm.org/citation.cfm?id=2602339.2602356},
 acmid = {2602356},
 publisher = {IEEE Press},
 address = {Piscataway, NJ, USA},
 keywords = {floor plan, indoor localization, participatory, smartphones},
}
[download]

@inproceedings{azizyan-mobicom09,
 author = {Azizyan, Martin and Constandache, Ionut and Roy Choudhury, Romit},
 title = {SurroundSense: Mobile Phone Localization via Ambience Fingerprinting},
 booktitle = {Proceedings of the 15th Annual International Conference on Mobile Computing and Networking},
 series = {MobiCom '09},
 year = {2009},
 isbn = {978-1-60558-702-8},
 location = {Beijing, China},
 pages = {261--272},
 numpages = {12},
 url = {http://doi.acm.org/10.1145/1614320.1614350},
 doi = {10.1145/1614320.1614350},
 acmid = {1614350},
 publisher = {ACM},
 address = {New York, NY, USA},
 keywords = {context, fingerprinting, localization, mobile phones},
}

@INPROCEEDINGS{thrun:cam-wifi,
author={M. Quigley and D. Stavens and A. Coates and S. Thrun},
booktitle={2010 IEEE/RSJ International Conference on Intelligent Robots and Systems},
title={Sub-meter indoor localization in unmodified environments with inexpensive sensors},
year={2010},
pages={2039-2046},
keywords={laser ranging;mobile robots;position control;sensor fusion;indoor localization;laser range scanner;sensor fusion;sensors;smartphone},
doi={10.1109/IROS.2010.5651783},
ISSN={2153-0858},
month={Oct},
info={they use a offline stage for map building, We then employed a particle filter to fuse the laser observations with a crude motion model of a pedestrian},
}

@INPROCEEDINGS{thrun:wifi-slam,
author={J. Huang and D. Millman and M. Quigley and D. Stavens and S. Thrun and A. Aggarwal},
booktitle={2011 IEEE International Conference on Robotics and Automation},
title={Efficient, generalized indoor WiFi GraphSLAM},
year={2011},
pages={1038-1043},
keywords={Gaussian processes;SLAM (robots);computational complexity;wireless LAN;Gaussian process latent variable models;GraphSLAM-like algorithm;generalized indoor WiFi GraphSLAM;laser-SLAM ground truth;signal strength SLAM;signal-strength measurements;signature uniqueness assumption;wireless networks;Computational modeling;Gaussian processes;IEEE 802.11 Standards;Noise measurement;Reactive power;Simultaneous localization and mapping},
doi={10.1109/ICRA.2011.5979643},
ISSN={1050-4729},
month={May},}

@ARTICLE{rtabmap,
author={M. Labb√© and F. Michaud},
journal={IEEE Transactions on Robotics},
title={Appearance-Based Loop Closure Detection for Online Large-Scale and Long-Term Operation},
year={2013},
volume={29},
number={3},
pages={734-745},
keywords={Internet;computer games;control engineering computing;mobile robots;robot vision;storage management;LTM;Need for Speed: Most Wanted;WM;appearance-based localization;appearance-based loop closure detection;long-term memory;memory management method;online large-scale operation;online long-term operation;racing video game;real-time constraints;virtual images;working memory;Bayesian methods;Feature extraction;Memory management;Real-time systems;Robots;Visualization;Vocabulary;Appearance-based localization and mapping;bag-of-words approach;dynamic Bayes filtering;place recognition},
doi={10.1109/TRO.2013.2242375},
ISSN={1552-3098},
month={June},}


@inproceedings{orb,
 author = {Rublee, Ethan and Rabaud, Vincent and Konolige, Kurt and Bradski, Gary},
 title = {ORB: An Efficient Alternative to SIFT or SURF},
 booktitle = {Proceedings of the 2011 International Conference on Computer Vision},
 series = {ICCV '11},
 year = {2011},
 isbn = {978-1-4577-1101-5},
 pages = {2564--2571},
 numpages = {8},
 url = {http://dx.doi.org/10.1109/ICCV.2011.6126544},
 doi = {10.1109/ICCV.2011.6126544},
 acmid = {2356268},
 publisher = {IEEE Computer Society},
 address = {Washington, DC, USA},
}

@INPROCEEDINGS{sift,
author={D. G. Lowe},
booktitle={Proceedings of the Seventh IEEE International Conference on Computer Vision},
title={Object recognition from local scale-invariant features},
year={1999},
volume={2},
pages={1150-1157 vol.2},
keywords={computational geometry;feature extraction;image matching;least squares approximations;object recognition;3D projection;blurred image gradients;candidate object matches;cluttered partially occluded images;computation time;inferior temporal cortex;local geometric deformations;local image features;local scale-invariant features;low residual least squares solution;multiple orientation planes;nearest neighbor indexing method;primate vision;robust object recognition;staged filtering approach;unknown model parameters;Computer science;Electrical capacitance tomography;Filters;Image recognition;Layout;Lighting;Neurons;Object recognition;Programmable logic arrays;Reactive power},
doi={10.1109/ICCV.1999.790410},
month={},}

@article{surf,
 author = {Bay, Herbert and Ess, Andreas and Tuytelaars, Tinne and Van Gool, Luc},
 title = {Speeded-Up Robust Features (SURF)},
 journal = {Comput. Vis. Image Underst.},
 issue_date = {June, 2008},
 volume = {110},
 number = {3},
 month = {June},
 year = {2008},
 issn = {1077-3142},
 pages = {346--359},
 numpages = {14},
 url = {http://dx.doi.org/10.1016/j.cviu.2007.09.014},
 doi = {10.1016/j.cviu.2007.09.014},
 acmid = {1370556},
 publisher = {Elsevier Science Inc.},
 address = {New York, NY, USA},
 keywords = {Camera calibration, Feature description, Interest points, Local features, Object recognition},
}

@ARTICLE{icp,
author={P. J. Besl and N. D. McKay},
journal={IEEE Transactions on Pattern Analysis and Machine Intelligence},
title={A method for registration of 3-D shapes},
year={1992},
volume={14},
number={2},
pages={239-256},
keywords={computational geometry;convergence of numerical methods;iterative methods;optimisation;pattern recognition;picture processing;3D shape registration;convergence;geometric entity;geometric model;iterative closest point;mean-square distance metric;pattern recognition;point set registration;Convergence;Inspection;Iterative algorithms;Iterative closest point algorithm;Iterative methods;Motion estimation;Quaternions;Shape measurement;Solid modeling;Testing},
doi={10.1109/34.121791},
ISSN={0162-8828},
month={Feb},}

@article{thrun:graph-slam,
 author = {Thrun, Sebastian and Montemerlo, Michael},
 title = {The Graph SLAM Algorithm with Applications to Large-Scale Mapping of Urban Structures},
 journal = {Int. J. Rob. Res.},
 issue_date = {May-June 2006},
 volume = {25},
 number = {5-6},
 month = {May},
 year = {2006},
 issn = {0278-3649},
 pages = {403--429},
 numpages = {27},
 url = {http://dx.doi.org/10.1177/0278364906065387},
 doi = {10.1177/0278364906065387},
 acmid = {1131426},
 publisher = {Sage Publications, Inc.},
 address = {Thousand Oaks, CA, USA},
 keywords = {SLAM, localization, mapping, robot navigation},
}
@book{thrun:probotics,
  title={Probabilistic Robotics},
  author={Thrun, S. and Burgard, W. and Fox, D.},
  isbn={9780262201629},
  lccn={2005043346},
  series={Intelligent robotics and autonomous agents},
  url={https://books.google.com/books?id=2Zn6AQAAQBAJ},
  year={2005},
  publisher={MIT Press}
}
@INPROCEEDINGS{cam-oscillations,
    author={M. Heshmat and M. Abdellatif and H. Abbas},
    booktitle={2013 IEEE International Symposium on Robotic and Sensors Environments (ROSE)},
    title={Improving visual SLAM accuracy through deliberate camera oscillations},
    year={2013},
    pages={154-159},
    keywords={SLAM (robots);cameras;image motion analysis;probability;robot vision;VSLAM algorithms;camera motion;camera oscillations;correlation;lateral direction;motion parameters;oscillating camera;robot motion;scene naturally-existing distinct features;static environment;steady camera;visual SLAM accuracy;visual simultaneous localization and mapping;Cameras;Oscillators;Robot motion;Robot vision systems;Simultaneous localization and mapping;Visualization;Camera Oscillation;Camera Vibrations;Visual SLAM},
    doi={10.1109/ROSE.2013.6698435},
    month={Oct},
}
@INPROCEEDINGS{improved-surf,
    author={Y. You},
    booktitle={2014 International Conference on Computational Intelligence and Communication Networks},
    title={The Research of SLAM Monocular Vision Based on The Improved SURF Feather},
    year={2014},
    pages={344-348},
    keywords={SLAM (robots);feature extraction;image denoising;robot vision;transforms;BRIEF descriptor;SURF descriptor;image feature detection;matching performance;matching points;monocular vision SLAM system;noise reduction;oriented BRIEF-SURF algorithm;real-time performance;rotation invariance;scale invariance;speed requirement;stability requirement;Algorithm design and analysis;Approximation algorithms;Feature extraction;Kernel;Noise;Robustness;Simultaneous localization and mapping;BRIEF;SLAM;SURF;binary descriptors},
    doi={10.1109/CICN.2014.84},
    month={Nov},
}
@INPROCEEDINGS{improved-icp,
    author={L. Zhang and P. Shen and J. Ding and J. Song and J. Liu and K. Yi},
    booktitle={2015 IEEE International Conference on Advanced Intelligent Mechatronics (AIM)},
    title={An improved RGB-D SLAM algorithm based on Kinect sensor},
    year={2015},
    pages={555-562},
    keywords={SLAM (robots);feature selection;image colour analysis;image matching;image sensors;robot vision;Kinect sensor;RGB-D SLAM algorithm;consecutive frames splicing;cumulative error elimination;extend-RGBD-ICP algorithm;matching points selection;point cloud data down-sampling;simultaneous localization and mapping;Algorithm design and analysis;Feature extraction;Iterative closest point algorithm;Simultaneous localization and mapping;Splicing;Three-dimensional displays},
    doi={10.1109/AIM.2015.7222594},
    ISSN={2159-6247},
    month={July},
}
@INPROCEEDINGS{histogram-features,
    author={O. Guclu and A. B. Can},
    booktitle={2016 International Conference on Autonomous Robot Systems and Competitions (ICARSC)},
    title={Histogram Based Visual Place Recognition for Improving SLAM Performance},
    year={2016},
    pages={174-180},
    keywords={SLAM (robots);image matching;robot vision;RGB images;SLAM performance improvement;grayscale histograms;histogram based visual place recognition;image histograms;keypoint matching;loop closure candidate selection;Cameras;Histograms;Optimization;Simultaneous localization and mapping;Trajectory;Visualization;SLAM;histogram;keypoint matching;loop closure},
    doi={10.1109/ICARSC.2016.42},
    month={May},
}
@INPROCEEDINGS{loc-acc-1,
    author={F. Wen and X. Chai and Y. Li and W. Zou and K. Yuan and P. Chen},
    booktitle={2011 9th World Congress on Intelligent Control and Automation},
    title={An improved visual SLAM algorithm based on mixed data association},
    year={2011},
    pages={1081-1086},
    keywords={SLAM (robots);artificial intelligence;mobile robots;motion control;robot vision;artificial landmark;improved visual SLAM algorithm;map accuracy;mixed data association;mobile robot;motion model;observation model;robot localization precision;Algorithm design and analysis;Analytical models;Automation;Data models;Silicon;Simultaneous localization and mapping;Visualization;SLAM;artificial landmark;data association;extended Kalman filter},
    doi={10.1109/WCICA.2011.5970683},
    month={June},}
@INPROCEEDINGS{loc-acc-2,
    author={L. Fuchun and C. Yifeng and L. Yunze},
    booktitle={2017 29th Chinese Control And Decision Conference (CCDC)},
    title={Research on indoor robot SLAM of RBPF improved with geometrical characteristic localization},
    year={2017},
    pages={3325-3330},
    keywords={SLAM (robots);distance measurement;geometry;image matching;mobile robots;optical radar;particle filtering (numerical methods);LIDAR scanning points;MCL framework;RPLIDAR;auxiliary information;dynamic threshold value;geometrical characteristic localization;geometry map;geometry matching;importance density function improvement;improved RBPF-SLAM;indoor robot SLAM;location algorithm;odometer;regular particle filter;sensors;specific dynamic threshold values;two-wheeled self-balancing robot;uncertain orientation;uncertain position;Laser beams;Laser radar;Mathematical model;Radiation effects;Simultaneous localization and mapping;LIDAR;Simultaneous Localization and Mapping;particle filter;robot},
    doi={10.1109/CCDC.2017.7979080},
    month={May},}
@INPROCEEDINGS{loc-acc-3,
    author={H. A. Kadir and M. R. Arshad},
    booktitle={2016 IEEE International Conference on Underwater System Technology: Theory and Applications (USYS)},
    title={Improved simultaneous localization and mapping (SLAM) algorithms for aerial vehicle under dynamic sea surface environment},
    year={2016},
    pages={61-66},
    keywords={SLAM (robots);geophysical image processing;oceanographic equipment;robot vision;SLAM algorithm;aerial platform localization;aerial platform mapping;aerial vehicle;bird techniques;dynamic sea surface environment;improved simultaneous localization-and-mapping algorithms;ocean observation;water surface;Feature extraction;Heuristic algorithms;Sea surface;Simultaneous localization and mapping;Surface topography;Vehicle dynamics;Wireless communication;Aerial SLAM;Feature selection;Ocean;Simultaneous Localization and Mapping},
    doi={10.1109/USYS.2016.7893937},
    month={Dec},}
@INPROCEEDINGS{feature_spatial_1,
    author={D. Belter and M. Nowicki and P. Skrzypczy≈Ñski},
    booktitle={2016 IEEE International Conference on Robotics and Automation (ICRA)},
    title={Improving accuracy of feature-based RGB-D SLAM by modeling spatial uncertainty of point features},
    year={2016},
    pages={1279-1284},
    keywords={SLAM (robots);graph theory;image colour analysis;optimisation;spatial variables measurement;RGB-D point features;depth measurements;factor graph optimization;feature-based RGB-D SLAM;image processing;pose-graph optimization approach;spatial uncertainty modeling;uncertainty models;Cameras;Feature extraction;Measurement uncertainty;Optimization;Simultaneous localization and mapping;Trajectory;Uncertainty},
    doi={10.1109/ICRA.2016.7487259},
    publisher= {IEEE},
    month={May},}
@INPROCEEDINGS{feature_spatial_2,
author={Jianbin Chen and Jun Li and Yang Xu and Guangtian Shen and Yangjian Gao},
booktitle={2017 2nd International Conference on Image, Vision and Computing (ICIVC)},
title={A compact loop closure detection based on spatial partitioning},
year={2017},
volume={},
number={},
pages={371-375},
keywords={SLAM (robots);image segmentation;optimisation;pattern clustering;vector quantisation;LCD;SLAM;SPBoW;bag of words;compact loop closure detection;error tolerance;hierarchical k-means association dictionary;scene segmentation;sliding optimization;spatial partitioning BoW;vector quantization;Image segmentation;Robots;Visualization;BoW;K-mean;Loop closure detection;Scene segmentation},
doi={10.1109/ICIVC.2017.7984580},
ISSN={},
month={June},}
@article{feature_spatial_3,
  title={High performance loop closure detection using bag of word pairs},
  author={Kejriwal, Nishant and Kumar, Swagat and Shibata, Tomohiro},
  journal={Robotics and Autonomous Systems},
  volume={77},
  pages={55--65},
  year={2016},
  publisher={Elsevier}
}
@INPROCEEDINGS{loc-unc-2,
    author={X. Meng and R. Jiang and Y. Chen},
    booktitle={2009 International Symposium on Computer Network and Multimedia Technology},
    title={Improving the Robustness to the Uncertainty of Initial Depth Estimation in Monocular SLAM},
    year={2009},
    pages={1-5},
    keywords={Kalman filters;SLAM (robots);computational complexity;stability;computational complexity;initial depth estimation;inverse depth parameterization;loop closure tests;modified covariance extended Kalman filter;monocular SLAM;robustness;simultaneous localization-and-mapping;uncertainty;Cameras;Computational complexity;Convergence;Equations;Inverse problems;Nonlinear filters;Robustness;Simultaneous localization and mapping;Testing;Uncertainty},
    doi={10.1109/CNMT.2009.5374589},
    month={Jan},}
@INPROCEEDINGS{loc-unc-3,
    author={D. J. Feng and W. S. Wijesoma},
    booktitle={2008 10th International Conference on Control, Automation, Robotics and Vision},
    title={Improving Rao-Blackwellised genetic algorithmic filter SLAM through genetic learning},
    year={2008},
    pages={1200-1205},
    keywords={SLAM (robots);genetic algorithms;particle filtering (numerical methods);Euclidian localization error;RBPF-SLAM;Rao-Blackwellised genetic algorithmic filter;Rao-Blackwellized particle filter;exteroceptive sensor measurement;genetic learning;Automatic control;Biological cells;Feature extraction;Genetic algorithms;Motion estimation;Motion measurement;Particle filters;Robotics and automation;Robots;Simultaneous localization and mapping;Genetic learning;SLAM},
    doi={10.1109/ICARCV.2008.4795692},
    month={Dec},}
@INPROCEEDINGS{loc-unc-4,
    author={H. Wang and S. Wei and Y. Chen},
    booktitle={2008 International Symposium on Intelligent Information Technology Application Workshops},
    title={An Improved Rao-Blackwellized Particle Filter for SLAM},
    year={2008},
    pages={515-518},
    keywords={Kalman filters;SLAM (robots);mobile robots;particle filtering (numerical methods);path planning;FastSLAM algorithms;Jacobian matrices;Rao-Blackwellized particle filter;SLAM;particles resampling strategy;simultaneous localization and map building;unscented Kalman filter;Application software;Educational institutions;Information filters;Information technology;Intelligent structures;Jacobian matrices;Particle filters;Robots;Simultaneous localization and mapping;State estimation;Nonlinear state estimate;Rao-Blackwellized Particle filter;Topological map;Unscented Kalman Filter},
    doi={10.1109/IITA.Workshops.2008.150},
    month={Dec},}
@INPROCEEDINGS{loc-unc-5,
    author={S. Ito and F. Endres and M. Kuderer and G. Diego Tipaldi and C. Stachniss and W. Burgard},
    booktitle={2014 IEEE International Conference on Robotics and Automation (ICRA)},
    title={W-RGB-D: Floor-plan-based indoor global localization using a depth camera and WiFi},
    year={2014},
    pages={417-422},
    keywords={Monte Carlo methods;cameras;image colour analysis;pose estimation;wireless LAN;Monte Carlo localization;W-RGB-D method;WiFi signal strength;Wireless Fidelity;architectural floor plans;coarse initial distribution;depth camera;floor-plan-based indoor global localization;localization approach;pose estimation;sensor model;sensor position;Cameras;Convergence;IEEE 802.11 Standards;Robot sensing systems;Three-dimensional displays;Visualization},
    doi={10.1109/ICRA.2014.6906890},
    ISSN={1050-4729},
    month={May},
}
@INPROCEEDINGS{loc-unc-6,
    author={Y. Sun and M. Liu and M. Q. H. Meng},
    booktitle={2014 IEEE International Conference on Information and Automation (ICIA)},
    title={WiFi signal strength-based robot indoor localization},
    year={2014},
    pages={250-256},
    keywords={Bayes methods;Gaussian processes;filtering theory;fingerprint identification;image matching;mobile robots;path planning;radionavigation;regression analysis;robot vision;wireless LAN;Bayes filter approach;GPR;GPS signals;Gaussian process regression;KNN algorithm-based fingerprint matching method;WiFi signal strength-based robot indoor localization;indoor environments;low-cost WiFi infrastructure;test environment;Filtering algorithms;Ground penetrating radar;IEEE 802.11 Standards;Matched filters;Robots;Training;Training data},
    doi={10.1109/ICInfA.2014.6932662},
    month={July},}
@INPROCEEDINGS{loc-unc-7,
    author={S. W. Yang and S. X. Yang and L. Yang},
    booktitle={2014 IEEE International Conference on Robotics and Automation (ICRA)},
    title={Method of improving WiFi SLAM based on spatial and temporal coherence},
    year={2014},
    pages={1991-1996},
    keywords={SLAM (robots);convergence;fuzzy set theory;pattern matching;wireless LAN;WiFi SLAM;WiFi fingerprinting;convergence;error-prone correspondence;fuzzy matching;inertial inputs;local trajectory structure;loop closing problem;measurement similarity;perceptual inputs;robustness;simultaneous localization and mapping;spatial coherence;spatio-temporal coherence;Coherence;IEEE 802.11 Standards;Measurement;Simultaneous localization and mapping;Spatial coherence;Trajectory},
    doi={10.1109/ICRA.2014.6907123},
    ISSN={1050-4729},
    month={May},}
@INPROCEEDINGS{sens-fus-1,
    author={F. Zhang and C. Shen and X. Ren},
    booktitle={2013 5th International Conference on Intelligent Human-Machine Systems and Cybernetics},
    title={The Application of Multi-sensor Information Fusion by Improved Trust Degree on SLAM},
    year={2013},
    volume={1},
    pages={360-364},
    keywords={Kalman filters;SLAM (robots);belief maintenance;feature extraction;image fusion;robot vision;EKF;SLAM;expert weight;extended Kalman filter;fuzzy-index belief function;homologous features detection;improved trust degree;multisensor information fusion;nearest neighbor method;objective weight;robot pose;segment-based maps;simultaneous localization and mapping;Feature extraction;Laser fusion;Simultaneous localization and mapping;Sonar;SLAM;information fusion;mobile robot;trust degree},
    doi={10.1109/IHMSC.2013.92},
    month={Aug},}
@INPROCEEDINGS{sens-fus-2,
    author={R. Codd-Downey and M. Jenkin},
    booktitle={2017 IEEE International Conference on Robotics and Automation (ICRA)},
    title={On the utility of additional sensors in aquatic simultaneous localization and mapping},
    year={2017},
    pages={5163-5168},
    keywords={Global Positioning System;SLAM (robots);sensors;SLAM performance improvement;aquatic GPS-denied environments;aquatic simultaneous localization-and-mapping;aquatic surface vehicle;autonomous robots;autonomous surface vehicles;motion estimation problems;visual sensors;Compass;Simultaneous localization and mapping;Sonar;Visualization},
    doi={10.1109/ICRA.2017.7989604},
    month={May},}
@INPROCEEDINGS{sens-fus-3,
    author={S. Garc√≠a and M. E. L√≥pez and R. Barea and L. M. Bergasa and A. G√≥mez and E. J. Molinos},
    booktitle={2016 International Conference on Autonomous Robot Systems and Competitions (ICARSC)},
    title={Indoor SLAM for Micro Aerial Vehicles Control Using Monocular Camera and Sensor Fusion},
    year={2016},
    pages={205-210},
    keywords={Global Positioning System;Kalman filters;SLAM (robots);autonomous aerial vehicles;cameras;image filtering;indoor environment;microrobots;pose estimation;robot vision;sensor fusion;telecontrol;6DOF pose estimation;EKF;GPS denied environments;IMU;MAV;ROS;distributed node system;extended Kalman filter;indoor SLAM;indoor environments;inertial measurement unit;microaerial vehicle control;monocular camera;monocular visual SLAM algorithm;onboard sensors;remote control unit;robot operating system;sensor fusion;simultaneous localization and mapping;Cameras;Drones;Navigation;Pose estimation;Simultaneous localization and mapping;indoor navigation;mapping;micro aerial vehicles;robot operating system;sensor fusion;simultaneous localization},
    doi={10.1109/ICARSC.2016.46},
    month={May},}
@INPROCEEDINGS{fast-features,
    author={E. Rosten and T. Drummond},
    booktitle={Tenth IEEE International Conference on Computer Vision (ICCV'05) Volume 1},
    title={Fusing points and lines for high performance tracking},
    year={2005},
    volume={2},
    pages={1508-1515 Vol. 2},
    keywords={edge detection;feature extraction;image motion analysis;sensor fusion;solid modelling;target tracking;3D model-based tracking;400 Hz;FAST feature detector;edge-based tracking system;feature detection;feature tracking;high performance tracking;online learning;point-based tracking system;prediction errors;sensor systems;Acceleration;Cameras;Computer vision;Detectors;Layout;Performance analysis;Real time systems;Robustness;Sensor systems;Tracking},
    doi={10.1109/ICCV.2005.104},
    ISSN={1550-5499},
    month={Oct},}
@INPROCEEDINGS{perceptual_aliasing1,
    author={Y. Xia and J. Li and L. Qi and H. Fan},
    booktitle={2016 International Joint Conference on Neural Networks (IJCNN)},
    title={Loop closure detection for visual SLAM using PCANet features},
    year={2016},
    volume={},
    number={},
    pages={2274-2281},
    keywords={feature extraction;learning (artificial intelligence);learning systems;neurocontrollers;object detection;principal component analysis;robot vision;SLAM (robots);visual SLAM;loop closure detection;simultaneous localization and mapping;environment map;unsupervised feature extraction;deep learning models;cascaded deep network;PCANet;image descriptors;principal component analysis;Simultaneous localization and mapping;Feature extraction;Visualization;Machine learning;Principal component analysis;Loop Closure Detection;PCANet;Simultaneous Localization and Mapping},
    doi={10.1109/IJCNN.2016.7727481},
    ISSN={2161-4407},
    month={July},}
@INPROCEEDINGS{signal-slam,
    author={P. Mirowski and T. K. Ho and Saehoon Yi and M. MacDonald},
    booktitle={International Conference on Indoor Positioning and Indoor Navigation},
    title={SignalSLAM: Simultaneous localization and mapping with mixed WiFi, Bluetooth, LTE and magnetic signals},
    year={2013},
    pages={1-10},
    keywords={4G mobile communication;Long Term Evolution;indoor radio;navigation;near-field communication;smart phones;wireless LAN;4G LTE RSRP;4G LTE telephony;Bluetooth RSS;GPS reference points;NFC;RF signals;SignalSLAM;WiFi signal maps;WiFi-SLAM;data collection;graph-SLAM optimization;indoor localization;inertial motion sensors;localization algorithms;localization performance;magnetic field;magnetic field magnitude;magnetic signals;multimodal signal;multimodal signal maps;near-field communication;pedestrian dead reckoning;received signal strength;reference signal received power;signal fingerprints;simultaneous localization and mapping;smartphone;spatial maps;Buildings;Dead reckoning;IEEE 802.11 Standards;Kernel;RF signals;Simultaneous localization and mapping;Trajectory;LTE;SLAM;WiFi;crowd-sourcing;kernel methods;localization},
    doi={10.1109/IPIN.2013.6817853},
    month={Oct},}
@INPROCEEDINGS{wifi-n-slam-1,
    author={L. Bruno and P. Robertson},
    booktitle={2011 International Conference on Indoor Positioning and Indoor Navigation},
    title={WiSLAM: Improving FootSLAM with WiFi},
    year={2011},
    pages={1-10},
    keywords={Bayes methods;SLAM (robots);probability;wireless LAN;Bayesian framework;FootSLAM;IEEE 802.11;PlaceSLAM;WiFi signal strength measurements;WiSLAM;foot mounted inertial measurements units;odometric data;probabilistic model;received signal strength measurements;simultaneous localization and mapping;Accuracy;Approximation methods;Bayesian methods;IEEE 802.11 Standards;Position measurement;Simultaneous localization and mapping;Bayesian algorithm;Inertial Measurements Units;Received Signal Strengths;SLAM},
    doi={10.1109/IPIN.2011.6071916},
    month={Sept},}
@INPROCEEDINGS{wifi-n-slam-2,
    author={D. V. Nguyen and M. E. V. Recalde and F. Nashashibi},
    booktitle={2016 14th International Conference on Control, Automation, Robotics and Vision (ICARCV)},
    title={Low speed vehicle localization using WiFi fingerprinting},
    year={2016},
    pages={1-5},
    keywords={SLAM (robots);image classification;mobile robots;robot vision;wireless LAN;Wi-Fi fingerprinting;autonomous navigation;ensemble classification method;indoor environment;motion model;vehicle localization;Automobiles;Fingerprint recognition;Global Positioning System;IEEE 802.11 Standard;Indoor environments;Neural networks;Training;WiFi fingerprinting;autonomous vehicle;ensemble classification;indoor localization;low speed vehicle},
    doi={10.1109/ICARCV.2016.7838772},
    month={Nov},}
@ARTICLE{kabsch,
  title={A solution for the best rotation to relate two sets of vectors},
  author={Kabsch, Wolfgang},
  journal={Acta Crystallographica Section A: Crystal Physics, Diffraction, Theoretical and General Crystallography},
  volume={32},
  number={5},
  pages={922--923},
  year={1976},
  publisher={International Union of Crystallography}
}
@article{visual_wifi_1,
  title={WiFi-guided visual loop closure for indoor navigation using mobile devices},
  author={Nowicki, Micha{\l}},
  journal={Journal of Automation Mobile Robotics and Intelligent Systems},
  volume={8},
  number={3},
  pages={10--18},
  year={2014},
  info={This work collects Wi-Fi RSSI fingerprints and corresponding visual images to help in location retrival. It's sequential approach.
  They define a set of possible locations from Wi-Fi data, and perform visual localization over it. They are not incorporating the idea in any SLAM algorithm.},
}
@INPROCEEDINGS{visual_wifi_2,
author={M. Nowakowski and C. Joly and S. Dalibard and N. Garcia and F. Moutarde},
booktitle={2017 IEEE/RSJ International Conference on Intelligent Robots and Systems (IROS)},
title={Topological localization using Wi-Fi and vision merged into FABMAP framework},
year={2017},
volume={},
number={},
pages={3339-3344},
keywords={mobile robots;robot vision;wireless LAN;FABMAP algorithm;FABMAP framework;FABMAP visual localization;Pepper robot;Wi-Fi signature;early-fusion framework;global localization;robot problem;topological localization algorithm;vision;visual Wi-Fi data;Merging;Robot sensing systems;Visualization;Vocabulary;Wireless fidelity;data fusion;kidnapped robot;low-cost sensors;topological localization},
doi={10.1109/IROS.2017.8206171},
ISSN={},
month={Sept},
info={This work investigates different ways of incorporating Wi-Fi signatures into FabMap. They dont use any RSSI information, only presence and absence of APs.
Their works is designed for efficient incorporation in FABMAp and doesnt provide support for other SLAM algorithms.},
}
@INPROCEEDINGS{stereo_RFID_1,
author={F. Schwiegelshohn and T. Nick and J. G√∂tze},
booktitle={2013 10th Workshop on Positioning, Navigation and Communication (WPNC)},
title={Localization based on fusion of RFID and stereo image data},
year={2013},
volume={},
number={},
pages={1-6},
keywords={antennas;cameras;radiofrequency identification;stereo image processing;trolleys;RFID reader;RFID reading system;RSSI;antennae;camera localization accuracy;distribution center;localization;optical marker;passive RFID tag;received signal strength indication;stereo image data;trolleys;webcams;Antenna measurements;Estimation error;Radiofrequency identification;Receiving antennas;Webcams;Particle Filter;RFID localization;Received Signal Strength Indication;stereo camera localization},
doi={10.1109/WPNC.2013.6533297},
ISSN={},
month={March},
info={Using RFID and stereo images for localization using particle filters},}
@InProceedings{wifi_factorgraph,
author={Nowicki, Micha{\l} and Skrzypczy{\'{n}}ski, Piotr},
editor={Sigg, Stephan and Nurmi, Petteri and Salim, Flora},
title={Indoor Navigation with a Smartphone Fusing Inertial and WiFi Data via Factor Graph Optimization},
booktitle={Mobile Computing, Applications, and Services},
year={2015},
publisher={Springer International Publishing},
address={Cham},
pages={280--298},
isbn={978-3-319-29003-4},
info={using wifi and inertial sensor for making a factor graph for localization},
}
@INPROCEEDINGS{visual_wifi-team,
author={G. Erinc and B. Balaguer and S. Carpin},
booktitle={2013 IEEE/RSJ International Conference on Intelligent Robots and Systems},
title={Heterogeneous map merging using WiFi signals},
year={2013},
volume={},
number={},
pages={5258-5264},
keywords={cartography;robot vision;wireless LAN;WiFi signals;explorations tasks;graph based maps;heterogeneous map merging;metric correspondences;multiple heterogeneous robots;occupancy grid;patrolling;situational awareness;structural properties;urban search and rescue;Classification algorithms;IEEE 802.11 Standards;Merging;Radio frequency;Robots;Support vector machines;Training data},
doi={10.1109/IROS.2013.6697117},
ISSN={2153-0858},
month={Nov},
info={In this work, WSS information is used for finding the overlapping area between heterogeneous maps. A machine learning and Training phase in is included.},
}
@INPROCEEDINGS{visual-wifi-ratslam,
author={R. Berkvens and A. Jacobson and M. Milford and H. Peremans and M. Weyn},
booktitle={2014 IEEE/RSJ International Conference on Intelligent Robots and Systems},
title={Biologically inspired SLAM using Wi-Fi},
year={2014},
volume={},
number={},
pages={1804-1811},
keywords={SLAM (robots);fingerprint identification;image fusion;image resolution;wireless LAN;RatSLAM;Wi-Fi fingerprints;Wi-Fi localization model;biologically inspired SLAM;camera integration;compass sensor;conventional mapping architecture;indoor environments;office floor;outdoor environments;sensor fusion technique;simultaneous localization and mapping;spatial resolution;university campus;urban environments;visually aliased circular building loop;Buildings;Cameras;Computer architecture;IEEE 802.11 Standards;Simultaneous localization and mapping},
doi={10.1109/IROS.2014.6942799},
ISSN={2153-0858},
month={Sept},
info={In this work, wifi signals are used for better localization in rat slam. they utilize the visual sensor while it is available and supplement it with Wi-Fi sensing once the camera is no longer useful},
}
@inproceedings{visual_wifi_3,
year={2015},
author={Adam Jacobson and Zetao Chen and Venkateswara Rao Rallabandi and Michael Milford},
title={Multi-scale place recognition with multi-scale sensing},
publisher={Australasian Robotics and Automation Association},
address={Canberra, A.C.T},
booktitle={Australasian Conference on Robotics and Automation (ACRA 2015)},
url={https://eprints.qut.edu.au/114371/},
keywords = {Robots, Cameras, Mapping, Navigation Systems, Wireless local area networks (WLAN)},
info={In this work, they incorporate wifi and image in 4 different ways, its not SLAM, just place recognition from a database.}
}
@article{orbslam,
  title={{ORB-SLAM2}: an Open-Source {SLAM} System for Monocular, Stereo and {RGB-D} Cameras},
  author={Mur-Artal, Ra\'ul and Tard\'os, Juan D.},
  journal={IEEE Transactions on Robotics},
  volume={33},
  number={5},
  pages={1255--1262},
  doi = {10.1109/TRO.2017.2705103},
  year={2017}
}
@article{ratslam,
  title={Persistent navigation and mapping using a biologically inspired SLAM system},
  author={Milford, Michael and Wyeth, Gordon},
  journal={The International Journal of Robotics Research},
  volume={29},
  number={9},
  pages={1131--1153},
  year={2010},
  publisher={Sage Publications Sage UK: London, England}
}
@article{fabmap,
  title={FAB-MAP: Probabilistic localization and mapping in the space of appearance},
  author={Cummins, Mark and Newman, Paul},
  journal={The International Journal of Robotics Research},
  volume={27},
  number={6},
  pages={647--665},
  year={2008},
  publisher={SAGE Publications Sage UK: London, England}
}
@INPROCEEDINGS{memory_management,
author={M. Labb√© and F. Michaud},
booktitle={2011 IEEE/RSJ International Conference on Intelligent Robots and Systems},
title={Memory management for real-time appearance-based loop closure detection},
year={2011},
volume={},
number={},
pages={1271-1276},
keywords={SLAM (robots);image matching;mobile robots;robot vision;storage management;SLAM;internal map;location matching;memory management;real-time appearance;real-time loop closure detection approach;Bayesian methods;Dictionaries;Feature extraction;Real time systems;Simultaneous localization and mapping;Visualization},
doi={10.1109/IROS.2011.6094602},
ISSN={2153-0858},
month={Sept},}
@inproceedings{memory_management2,
  title={Online global loop closure detection for large-scale multi-session graph-based SLAM},
  author={Labbe, Mathieu and Michaud, Fran{\c{c}}ois},
  booktitle={Intelligent Robots and Systems (IROS 2014), 2014 IEEE/RSJ International Conference on},
  pages={2661--2666},
  year={2014},
  organization={IEEE}
}
@inproceedings{cartographer,
  title={Real-time loop closure in 2D LIDAR SLAM},
  author={Hess, Wolfgang and Kohler, Damon and Rapp, Holger and Andor, Daniel},
  booktitle={Robotics and Automation (ICRA), 2016 IEEE International Conference on},
  pages={1271--1278},
  year={2016},
  organization={IEEE}
}
@inproceedings{humanoid_wifi,
  title={Increasing the efficiency of 6-DoF visual localization using multi-modal sensory data},
  author={Clark, Ronald and Wang, Sen and Wen, Hongkai and Trigoni, Niki and Markham, Andrew},
  booktitle={Humanoid Robots (Humanoids), 2016 IEEE-RAS 16th International Conference on},
  pages={973--980},
  year={2016},
  organization={IEEE}
}
@INPROCEEDINGS{computational_complexity1,
author={M. Cummins and P. Newman},
booktitle={2008 IEEE International Conference on Robotics and Automation},
title={Accelerated appearance-only SLAM},
year={2008},
volume={},
number={},
pages={1828-1833},
keywords={mobile robots;probability;real-time systems;accelerated appearance-only SLAM;probabilistic bail-out condition;multihypothesis testing;real-time loop closure detection;mobile robot;Acceleration;Simultaneous localization and mapping;Mobile robots;Robot sensing systems;Robotics and automation;Computer vision;USA Councils;Life estimation;Automatic testing;System testing},
doi={10.1109/ROBOT.2008.4543473},
ISSN={1050-4729},
month={May},}
@inproceedings{glover2012openfabmap,
  title={OpenFABMAP: An open source toolbox for appearance-based loop closure detection},
  author={Glover, Arren and Maddern, William and Warren, Michael and Reid, Stephanie and Milford, Michael and Wyeth, Gordon},
  booktitle={Robotics and automation (ICRA), 2012 IEEE international conference on},
  pages={4730--4735},
  year={2012},
  organization={IEEE}
}
@inproceedings{karanam_ipsn18,
  title={Magnitude-based angle-of-arrival estimation, localization, and target tracking},
  author={Karanam, Chitra R and Korany, Belal and Mostofi, Yasamin},
  booktitle={Proceedings of the 17th ACM/IEEE International Conference on Information Processing in Sensor Networks},
  pages={254--265},
  year={2018},
  organization={IEEE Press}
}
@inproceedings{dong_sensys15,
  title={imoon: Using smartphones for image-based indoor navigation},
  author={Dong, Jiang and Xiao, Yu and Noreikis, Marius and Ou, Zhonghong and Yl{\"a}-J{\"a}{\"a}ski, Antti},
  booktitle={Proceedings of the 13th ACM Conference on Embedded Networked Sensor Systems},
  pages={85--97},
  year={2015},
  organization={ACM}
}
@inproceedings{yang_icra16,
title={Real-time 3D Scene Layout from a Single Image Using Convolutional Neural Networks},
author={Yang, Shichao and Maturana, Daniel and Scherer, Sebastian},
booktitle={Robotics and automation (ICRA), 2016 IEEE international conference on},
year={2016},
organization={IEEE}
}
@inproceedings{quattoni_cvpr09,
  title={Recognizing indoor scenes},
  author={Quattoni, Ariadna and Torralba, Antonio},
  booktitle={Computer Vision and Pattern Recognition, 2009. CVPR 2009. IEEE Conference on},
  pages={413--420},
  year={2009},
  organization={IEEE}
}
@INPROCEEDINGS{zeng_ipsn16, 
author={Y. Zeng and P. H. Pathak and P. Mohapatra}, 
booktitle={2016 15th ACM/IEEE International Conference on Information Processing in Sensor Networks (IPSN)}, 
title={WiWho: WiFi-Based Person Identification in Smart Spaces}, 
year={2016}, 
volume={}, 
number={}, 
pages={1-12}, 
keywords={gait analysis;object detection;wireless LAN;smart indoor spaces;smart homes;smart offices;device-free effortless sensing;WiWho;channel state information;walking gait;CSI-based gait;step and walk analysis;WiFi- based person identification;smart space applications;distance 2 m to 3 m;IEEE 802.11 Standard;Sensors;Legged locomotion;Monitoring;Privacy;Wireless sensor networks;Wireless communication}, 
doi={10.1109/IPSN.2016.7460727}, 
ISSN={}, 
month={April},}

@misc{kumar2018indoor,
  title={Indoor localization of a multi-antenna receiver},
  author={Kumar, Swarun Suresh and Gil, Stephanie and Katabi, Dina and Rus, Daniela},
  year={2018},
  month={Feb},
  publisher={Google Patents},
  note={US Patent 9,885,774}
}

@article{JUNG201592,
title = "Magnetic field constraints and sequence-based matching for indoor pose graph SLAM",
journal = "Robotics and Autonomous Systems",
volume = "70",
pages = "92 - 105",
year = "2015",
issn = "0921-8890",
doi = "https://doi.org/10.1016/j.robot.2015.03.003",
url = "http://www.sciencedirect.com/science/article/pii/S0921889015000408",
author = "Jongdae Jung and Taekjun Oh and Hyun Myung",
keywords = "Simultaneous localization and mapping (SLAM), Pose graph, Magnetic field, Loop closing",
abstract = "The objective of pose graph optimization is to estimate the robot trajectory from the constraints of relative pose measurements. Since the magnetic field in indoor environments is stable in the temporal domain and sufficiently varying in the spatial domain, we can exploit these characteristics to generate the constraints of the pose graph. In this paper we provide a method of solving a simultaneous localization and mapping (SLAM) problem by employing pose graph optimization and indoor magnetic measurements. Specifically, different types of constraints for local heading correction and global loop closing, respectively, are designed. For the loop closing constraints in particular, we first examine spatial similarity of the indoor magnetic field and verify that the use of measurement sequences rather than a single measurement mitigates the ambiguity of the magnetic measurements. A loop closing algorithm is then proposed based on the sequence of magnetic measurement and applied to the pose graph optimization. Experimental results show that the proposed SLAM system with only wheel encoders and a single magnetometer obtains comparable results with a reference-level SLAM system in terms of robot trajectory, thereby validating the feasibility of applying magnetic constraints to indoor pose graph SLAM."
}

@INPROCEEDINGS{7759302,
author={S. {Wang} and H. {Wen} and R. {Clark} and N. {Trigoni}},
booktitle={2016 IEEE/RSJ International Conference on Intelligent Robots and Systems (IROS)},
title={Keyframe based large-scale indoor localisation using geomagnetic field and motion pattern},
year={2016},
volume={},
number={},
pages={1910-1917},
keywords={feature extraction;geomagnetic navigation;graph theory;robot vision;SLAM (robots);keyframe based large-scale indoor localisation;motion pattern;keyframe based pose graph-SLAM method;simultaneous localisation-and-mapping;ambient geomagnetic field;mobile devices;unknown environments;known environments;large-scale indoor environments;Magnetometers;Simultaneous localization and mapping;Dead reckoning;Trajectory;Legged locomotion;Estimation},
doi={10.1109/IROS.2016.7759302},
ISSN={2153-0866},
month={Oct},}

@inproceedings{Lu:2018:SLM:3241539.3241540,
 author = {Lu, Chris Xiaoxuan and Li, Yang and Zhao, Peijun and Chen, Changhao and Xie, Linhai and Wen, Hongkai and Tan, Rui and Trigoni, Niki},
 title = {Simultaneous Localization and Mapping with Power Network Electromagnetic Field},
 booktitle = {Proceedings of the 24th Annual International Conference on Mobile Computing and Networking},
 series = {MobiCom '18},
 year = {2018},
 isbn = {978-1-4503-5903-0},
 location = {New Delhi, India},
 pages = {607--622},
 numpages = {16},
 url = {http://doi.acm.org/10.1145/3241539.3241540},
 doi = {10.1145/3241539.3241540},
 acmid = {3241540},
 publisher = {ACM},
 address = {New York, NY, USA},
 keywords = {electromagnetic field sensing, indoor localization, power line network, simultaneous localization and mapping},
} 

@inproceedings{Zhang:2016:LRI:2973750.2973767,
 author = {Zhang, Chi and Zhang, Xinyu},
 title = {LiTell: Robust Indoor Localization Using Unmodified Light Fixtures},
 booktitle = {Proceedings of the 22Nd Annual International Conference on Mobile Computing and Networking},
 series = {MobiCom '16},
 year = {2016},
 isbn = {978-1-4503-4226-1},
 location = {New York City, New York},
 pages = {230--242},
 numpages = {13},
 url = {http://doi.acm.org/10.1145/2973750.2973767},
 doi = {10.1145/2973750.2973767},
 acmid = {2973767},
 publisher = {ACM},
 address = {New York, NY, USA},
 keywords = {image processing, indoor localization, signal processing, smartphones, visible light localization, visible light sensing},
}

@inproceedings{Kuo:2014:LIP:2639108.2639109,
 author = {Kuo, Ye-Sheng and Pannuto, Pat and Hsiao, Ko-Jen and Dutta, Prabal},
 title = {Luxapose: Indoor Positioning with Mobile Phones and Visible Light},
 booktitle = {Proceedings of the 20th Annual International Conference on Mobile Computing and Networking},
 series = {MobiCom '14},
 year = {2014},
 isbn = {978-1-4503-2783-1},
 location = {Maui, Hawaii, USA},
 pages = {447--458},
 numpages = {12},
 url = {http://doi.acm.org/10.1145/2639108.2639109},
 doi = {10.1145/2639108.2639109},
 acmid = {2639109},
 publisher = {ACM},
 address = {New York, NY, USA},
 keywords = {angle-of-arrival, image processing, indoor localization, mobile phones},
}

@inproceedings{Tarzia:2011:ILW:1999995.2000011,
 author = {Tarzia, Stephen P. and Dinda, Peter A. and Dick, Robert P. and Memik, Gokhan},
 title = {Indoor Localization Without Infrastructure Using the Acoustic Background Spectrum},
 booktitle = {Proceedings of the 9th International Conference on Mobile Systems, Applications, and Services},
 series = {MobiSys '11},
 year = {2011},
 isbn = {978-1-4503-0643-0},
 location = {Bethesda, Maryland, USA},
 pages = {155--168},
 numpages = {14},
 url = {http://doi.acm.org/10.1145/1999995.2000011},
 doi = {10.1145/1999995.2000011},
 acmid = {2000011},
 publisher = {ACM},
 address = {New York, NY, USA},
 keywords = {fingerprinting, localization, mobile systems, sound},
}

